
@Misc{fim_score,
  author       = {Australian Institute of Health and Welfare},
  title        = {Functional Independence Measure},
  howpublished = {\url{http://meteor.aihw.gov.au/content/index.phtml/itemId/495857}},
}